@book{heiss2016,
	AUTHOR = {Heiss, Florian},
	YEAR = {2016},
	TITLE = {{U}sing {R} for {I}ntroductory {E}conometrics},
	PUBLISHER = {{C}reateSpace {I}ndependent {P}ublishing {P}latform},
	URL = {http://www.urfie.net/}
}

@book{kleiber2008,
  title	= {{A}pplied {E}conometrics with {R}},
  author	= {Kleiber, C. and Zeileis, A.},
  year	= {2008},
  publisher	= {{S}pringer}
}

@book{stock2015,
  title={{I}ntroduction to {E}conometrics, {T}hird {U}pdate, {G}lobal {E}dition},
  author={Stock, J.H. and Watson, M.W.},
  year={2015},
  publisher={{P}earson {E}ducation {L}imited}
}

@Book{xie2015,
  title = {{D}ynamic {D}ocuments with {R} and knitr},
  author = {Yihui Xie},
  year = {2015},
  publisher = {{C}hapman and {H}all/{CRC}},
  url = {http://yihui.name/knitr/}
}

@book{wooldridge2016
,	author = {Wooldridge, Jeffrey}
,	title = {{I}ntroductory {E}conometrics}
,	publisher = {{C}engage {L}earning}
,	year = {2016}
,	edition = {Sixth}

}

@article{white1980
,	title	= {{A} {H}eteroskedasticity-{C}onsistent {C}ovariance {M}atrix {E}stimator and a {D}irect {T}est for {H}eteroskedasticity}
,	author	= {White, Halbert}
,	journal	= {{E}conometrica}
,	volume	= {48}
,	number	= {4}
,	pages	= {pp. 817-838}
,	year	= {1980}
,	publisher	= {{T}he {E}conometric {S}ociety}
}

@article{card1994
,	title	= {{M}inimum {W}ages and {E}mployment: {A} {C}ase {S}tudy of the {F}ast-{F}ood {I}ndustry in {N}ew {J}ersey and {P}ennsylvania}
,	author	= {Card, D. and Krueger, Alan B.}
,	journal	= {The American Economic Review}
,	volume	= {84}
,	number	= {4}
,	pages	= {772--793}
,	year	= {1994}
}

@techreport{card1993,
  title={Using geographic variation in college proximity to estimate the return to schooling},
  author={Card, D.},
  year={1993},
  institution={National Bureau of Economic Research}
}

@article{granger1969
,	title	= {{I}nvestigating {C}ausal {R}elations by {E}conometric {M}odels and {C}ross-{S}pectral {M}ethods}
,	author	= {Granger, C.W.J.}
,	journal	= {{E}conometrica}
,	volume	= {37}
,	issue   	= {3}
,	pages	= {424--438}
,	year	= {1969}
,	publisher	= {{T}he {E}conometric {S}ociety}
}

@article{dickey1979
,	title	= {{D}istribution of the {E}stimators for {A}utoregressive {T}ime {S}eries With a {U}nit {R}oot}
,	author	= {Dickey, David A. and Fuller, Wayne A.}
,	journal	= {{J}ournal of the {A}merican {S}tatistical {A}ssociation}
,	volume	= {74}
,	number	= {366}
,	pages	= {pp. 427-431}
,	issn	= {01621459}
,	year	= {1979}
,	publisher	= {{A}merican {S}tatistical {A}ssociation}
}

@article{chow1960
,	title	= {{T}ests of {E}quality {B}etween {S}ets of {C}oefficients in {T}wo {L}inear {R}egressions}
,	author	= {Chow, Gregory C.}
,	journal	= {{E}conometrica}
,	volume	= {28}
,	number   	= {3}
,	pages	= {591--605}
,	year	= {1960}
,	publisher	= {{T}he {E}conometric {S}ociety}
}

@article{quandt1960
, author = {Quandt, Richard E. }
, title = {{T}ests of the {H}ypothesis {T}hat a {L}inear {R}egression {S}ystem {O}beys {T}wo {S}eparate {R}egimes}
, journal = {{J}ournal of the {A}merican {S}tatistical {A}ssociation}
, volume = {55}
, number = {290}
, pages = {324-330}
, year  = {1960}
, publisher = {{T}aylor & {F}rancis}
, doi = {10.1080/01621459.1960.10482067}
}

@article{newey1987
,	title	= {{A} {S}imple, {P}ositive {S}emi-definite, {H}eteroskedasticity and {A}utocorrelation {C}onsistent {C}ovariance {M}atrix}
,	author	= {Newey, Whitney K. and West, Kenneth D.}
,	journal	= {{E}conometrica}
,	year	= {1987}
,	volume	= {55}
,	issue	= {3}
,	pages	= {703--08}
}

@article{cochrane1949,
author = {Cochrane, D.  and  Orcutt,  G. H },
title = {{A}pplication of {L}east {S}quares {R}egression to {R}elationships {C}ontaining {A}uto-{C}orrelated {E}rror {T}erms},
journal = {{J}ournal of the {A}merican {S}tatistical {A}ssociation},
volume = {44},
number = {245},
pages = {32-61},
year  = {1949},
publisher = {{T}aylor & {F}rancis},
doi = {10.1080/01621459.1949.10483290}
}

@article{elliott1996,
  author={Elliott, Graham and Rothenberg, Thomas J and Stock, James H},
  title={{Efficient Tests for an Autoregressive Unit Root}},
  journal={Econometrica},
  year={1996},
  volume={64},
  number={4},
  pages={813-836}
}

@article{engle1987,
title = {{Co-integration and Error Correction: Representation, Estimation and Testing}},
author = {Engle, Robert and Granger, Clive},
year = {1987},
journal = {Econometrica},
volume = {55},
number = {2},
pages = {251-76}
}

@article{engle1982,
title = {Autoregressive Conditional Heteroscedasticity with Estimates of the Variance of United Kingdom Inflation},
author = {Engle, Robert},
year = {1982},
journal = {Econometrica},
volume = {50},
number = {4},
pages = {987-1007}
}

@article{mackinnon1985
,	title	= {{Some heteroskedasticity-consistent covariance matrix estimators with improved finite sample properties}}
,	author	= {MacKinnon, James G and White, Halbert}
,	journal	= {Journal of Econometrics}
,	volume	= {29}
,	number	= {3}
,	pages	= {305--325}
,	year	= {1985}
,	publisher	= {Elsevier}
}

@article{bollerslev1986,
title = {{Generalized Autoregressive Conditional Heteroskedasticity}},
author = {Bollerslev, Tim},
year = {1986},
journal = {Journal of Econometrics},
volume = {31},
number = {3},
pages = {307-327}
}

@manual{venables2010,
  author = {Venables, W. N. and Smith, D. M.},
  title = {{A}n {I}ntroduction to {R}},
  url = {https://cran.r-project.org/doc/manuals/r-release/R-intro.pdf},
  year = {2010}
}

================================================================

@book{kaufman:clustering1990,
  added-at = {2017-11-14T13:30:05.000+0100},
  author = {Kaufman, L. and Rousseeuw, P.J.},
  biburl = {https://www.bibsonomy.org/bibtex/254cc9fb0fc88d6057dc9b1ce3feb1293/tomhanika},
  description = {Dissertation},
  foo = {bar},
  interhash = {119bf8c432712ad3bbc1612759e0b7b4},
  intrahash = {54cc9fb0fc88d6057dc9b1ce3feb1293},
  keywords = {clustering kdd17},
  publisher = {Wiley},
  timestamp = {2017-11-24T16:26:04.000+0100},
  title = {Finding Groups in Data: an introduction to cluster analysis},
  year = 1990
}

@electronic{han2012mining,
  added-at = {2013-04-15T17:17:42.000+0200},
  address = {Waltham, Mass.},
  author = {Han, Jiawei and Kamber, Micheline and Pei, Jian},
  biburl = {https://www.bibsonomy.org/bibtex/2beb274b9aeaebb87f5423781b6839f54/hotho},
  description = {Data Mining: Concepts and Techniques (Morgan Kaufmann Series in Data Management Systems): Amazon.de: Jiawei Han, Micheline Kamber, Jian Pei: Englische BÃ¼cher},
  interhash = {247a70f1f22ce1914e46d7ff6f43e378},
  intrahash = {beb274b9aeaebb87f5423781b6839f54},
  isbn = {0123814790},
  keywords = {data mining tobuy},
  publisher = {Morgan Kaufmann Publishers},
  refid = {818321921},
  timestamp = {2013-04-15T17:17:42.000+0200},
  title = {Data mining concepts and techniques, third edition},
  year = 2012
}

@article{jain2010,
	title = {Data clustering: 50 years beyond K-means},
	author = {Jain, Anil K.},
	year = {2010},
	month = {06},
	date = {2010-06},
	journal = {Pattern Recognition Letters},
	pages = {651--666},
	volume = {31},
	number = {8},
	doi = {10.1016/j.patrec.2009.09.011},
	url = {http://dx.doi.org/10.1016/j.patrec.2009.09.011},
	langid = {en}
}

@inproceedings{arthur2007kmeans,
  author = {Arthur, David and Vassilvitskii, Sergei},
  title = {K-means++: The advantages of careful seeding},
  booktitle = {Proceedings of the Eighteenth Annual ACM-SIAM Symposium on Discrete Algorithms},
  pages = {1027--1035},
  year = {2007}
}

@book{bishop2006pattern,
  author = {Bishop, Christopher M.},
  title = {Pattern Recognition and Machine Learning},
  publisher = {Springer},
  year = {2006}
}

@inproceedings{elbow1975outline,
  author = {Elbow, W.},
  title = {Outline for a New Approach to Unsupervised Clustering},
  booktitle = {Proceedings of the 5th Annual Conference on Statistical Computing},
  pages = {1--5},
  year = {1975}
}

@article{forgy1965cluster,
  author = {Forgy, Edward W.},
  title = {Cluster analysis of multivariate data: Efficiency versus interpretability of classifications},
  journal = {Biometrics},
  volume = {21},
  number = {3},
  pages = {768--780},
  year = {1965}
}

@book{han2011data,
  author = {Han, Jia and Kamber, Micheline and Pei, Jian},
  title = {Data Mining: Concepts and Techniques},
  publisher = {Morgan Kaufmann},
  year = {2011}
}

@book{hastie2009elements,
  author = {Hastie, Trevor and Tibshirani, Robert and Friedman, Jerome},
  title = {The Elements of Statistical Learning: Data Mining, Inference, and Prediction},
  publisher = {Springer},
  year = {2009}
}

@article{jain2010data,
  author = {Jain, Anil K.},
  title = {Data clustering: 50 years beyond K-means},
  journal = {Pattern Recognition Letters},
  volume = {31},
  number = {8},
  pages = {651--666},
  year = {2010}
}

@book{kaufman1990finding,
  author = {Kaufman, Leonard and Rousseeuw, Peter J.},
  title = {Finding Groups in Data: An Introduction to Cluster Analysis},
  publisher = {Wiley},
  year = {1990}
}

@article{kumar2016creating,
  author = {Kumar, V. and Reinartz, W.},
  title = {Creating Enduring Customer Value},
  journal = {Journal of Marketing},
  volume = {80},
  number = {6},
  pages = {36--68},
  year = {2016}
}

@article{lloyd1982least,
  author = {Lloyd, Stuart P.},
  title = {Least squares quantization in PCM},
  journal = {IEEE Transactions on Information Theory},
  volume = {28},
  number = {2},
  pages = {129--137},
  year = {1982}
}

@inproceedings{macqueen1967some,
  author = {MacQueen, J.},
  title = {Some methods for classification and analysis of multivariate observations},
  booktitle = {Proceedings of the Fifth Berkeley Symposium on Mathematical Statistics and Probability},
  volume = {1},
  pages = {281--297},
  year = {1967}
}

@article{xu2005survey,
  author = {Xu, Rui and Wunsch, Donald},
  title = {Survey of clustering algorithms},
  journal = {IEEE Transactions on Neural Networks},
  volume = {16},
  number = {3},
  pages = {645--678},
  year = {2005}
}

@inproceedings{zhang1996birch,
  author = {Zhang, Tong and Ramakrishnan, R. and Livny, M.},
  title = {BIRCH: An efficient data clustering method for very large databases},
  booktitle = {ACM SIGMOD Record},
  volume = {25},
  number = {2},
  pages = {103--114},
  year = {1996}
}

@book{bezdek1981pattern,
  title={Pattern Recognition with Fuzzy Objective Function Algorithms},
  author={Bezdek, James C.},
  year={1981},
  publisher={Plenum Press},
  address={New York}
}

@article{dunn1973fuzzy,
  title={A Fuzzy Relative of the ISODATA Process and its Use in Detecting Compact Well-Separated Clusters},
  author={Dunn, J. C.},
  journal={Journal of Cybernetics},
  volume={3},
  number={3},
  pages={32--57},
  year={1973}
}

@article{pal1995cluster,
  title={On Cluster Validity for the Fuzzy C-Means Model},
  author={Pal, N. R. and Bezdek, J. C.},
  journal={IEEE Transactions on Fuzzy Systems},
  volume={3},
  number={3},
  pages={370--379},
  year={1995}
}

@article{huang1998extensions,
  title={Extensions to the k-Means Algorithm for Clustering Large Data Sets},
  author={Huang, Z.},
  journal={Data Mining and Knowledge Discovery},
  volume={2},
  number={3},
  pages={283--304},
  year={1998}
}
