@Manual{R-base,
  title = {{R: A Language and Environment for Statistical Computing}},
  author = {{R Core Team}},
  organization = {R Foundation for Statistical Computing},
  address = {Vienna, Austria},
  year = {2024},
  url = {https://www.R-project.org/},
}

@Manual{R-bookdown,
  title = {{bookdown: Authoring Books and Technical Documents with R Markdown}},
  author = {Yihui Xie},
  year = {2024},
  version = {0.39},
  url = {https://github.com/rstudio/bookdown},
}

@Manual{R-knitr,
  title = {{knitr: A General-Purpose Package for Dynamic Report Generation in R}},
  author = {Yihui Xie},
  year = {2024},
  version = {1.47},
  url = {https://yihui.org/knitr/},
}

@Manual{R-rmarkdown,
  title = {{rmarkdown: Dynamic Documents for R}},
  author = {JJ Allaire and Yihui Xie and Christophe Dervieux and Jonathan McPherson and Javier Luraschi and Kevin Ushey and Aron Atkins and Hadley Wickham and Joe Cheng and Winston Chang and Richard Iannone},
  year = {2024},
  version = {2.27},
  url = {https://github.com/rstudio/rmarkdown},
}

@Book{bookdown2016,
  title = {{bookdown: Authoring Books and Technical Documents with {{R}} Markdown}},
  author = {Yihui Xie},
  publisher = {Chapman and Hall/CRC},
  address = {Boca Raton, Florida},
  year = {2016},
  isbn = {978-1138700109},
  url = {https://bookdown.org/yihui/bookdown},
}

@Book{knitr2015,
  title = {{Dynamic Documents with {{R}} and knitr}},
  author = {Yihui Xie},
  publisher = {Chapman and Hall/CRC},
  address = {Boca Raton, Florida},
  year = {2015},
  edition = {2nd},
  version = {ISBN 978-1498716963},
  url = {https://yihui.org/knitr/},
}

@InCollection{knitr2014,
  booktitle = {{Implementing Reproducible Computational Research}},
  editor = {Victoria Stodden and Friedrich Leisch and Roger D. Peng},
  title = {{knitr: A Comprehensive Tool for Reproducible Research in {{R}}}},
  author = {Yihui Xie},
  publisher = {Chapman and Hall/CRC},
  year = {2014},
  version = {ISBN 978-1466561595},
}

@Book{rmarkdown2018,
  title = {{R Markdown: The Definitive Guide}},
  author = {Yihui Xie and J.J. Allaire and Garrett Grolemund},
  publisher = {Chapman and Hall/CRC},
  address = {Boca Raton, Florida},
  year = {2018},
  isbn = {9781138359338},
  url = {https://bookdown.org/yihui/rmarkdown},
}

@Book{rmarkdown2020,
  title = {{R Markdown Cookbook}},
  author = {Yihui Xie and Christophe Dervieux and Emily Riederer},
  publisher = {Chapman and Hall/CRC},
  address = {Boca Raton, Florida},
  year = {2020},
  isbn = {9780367563837},
  url = {https://bookdown.org/yihui/rmarkdown-cookbook},
}

@Manual{R-dynlm,
    title = {{dynlm}: Dynamic Linear Regression},
    author = {Achim Zeileis},
    year = {2019},
    note = {R package version 0.3-6},
    url = {https://CRAN.R-project.org/package=dynlm},
    }
@Book{R-AER,
    title = {Applied Econometrics with {R}},
    author = {Christian Kleiber and Achim Zeileis},
    year = {2008},
    publisher = {Springer-Verlag},
    address = {New York},
    note = {{ISBN} 978-0-387-77316-2},
    url = {https://CRAN.R-project.org/package=AER},
    }
@Manual{R-orcutt,
    title = {{orcutt}: Estimate Procedure in Case of First Order Autocorrelation},
    author = {Spada Stefano and Matteo Quartagno and Marco Tamburini and David Robinson},
    year = {2018},
    url = {https://CRAN.R-project.org/package=orcutt},
    }
@Manual{R-stargazer,
    title = {stargazer: Well-Formatted Regression and Summary Statistics Tables},
    author = {Marek Hlavac},
    year = {2022},
    note = {R package version 5.2.3},
    organization = {Social Policy Institute},
    address = {Bratislava, Slovakia},
    url = {https://CRAN.R-project.org/package=stargazer},
    }
@Book{R-urca,
    title = {Analysis of Integrated and Cointegrated Time Series with R},
    author = {B. Pfaff},
    publisher = {Springer},
    edition = {Second},
    address = {New York},
    year = {2008},
    note = {ISBN 0-387-27960-1},
    url = {https://www.pfaffikus.de},
    }
